@article{1, title={Automatic Keyword Extraction from Individual Documents}, DOI={10.1002/9780470689646.ch1}, journal={Text Mining}, author={Rose, Stuart and Engel, Dave and Cramer, Nick and Cowley, Wendy}, year={2010}, month={Apr}, pages={1â€“20}}

@misc{2, title={rake-nltk}, url={https://pypi.org/project/rake-nltk/}, journal={PyPI}, author={Sharma, Vishwas B}, year={2017}, month={Jan}}

@article{3,
  author    = {Federico Barrios and
             Federico L{\'{o}}pez and
             Luis Argerich and
             Rosa Wachenchauzer},
  title     = {Variations of the Similarity Function of TextRank for Automated Summarization},
  journal   = {CoRR},
  volume    = {abs/1602.03606},
  year      = {2016},
  url       = {http://arxiv.org/abs/1602.03606},
  archivePrefix = {arXiv},
  eprint    = {1602.03606},
  timestamp = {Wed, 07 Jun 2017 14:40:43 +0200},
  biburl    = {https://dblp.org/rec/bib/journals/corr/BarriosLAW16},
  bibsource = {dblp computer science bibliography, https://dblp.org}
}

@inproceedings{4,
  title={Textrank: Bringing order into text},
  author={Mihalcea, Rada and Tarau, Paul},
  booktitle={Proceedings of the 2004 conference on empirical methods in natural language processing},
  pages={404--411},
  year={2004}
}

@inproceedings{hulth-2003-improved,
    title = "Improved Automatic Keyword Extraction Given More Linguistic Knowledge",
    author = "Hulth, Anette",
    booktitle = "Proceedings of the 2003 Conference on Empirical Methods in Natural Language Processing",
    year = "2003",
    url = "https://www.aclweb.org/anthology/W03-1028",
    pages = "216--223",
}

@article{fox,
 author = {Fox, Christopher},
 title = {A Stop List for General Text},
 journal = {SIGIR Forum},
 issue_date = {Fall 89/Winter 90},
 volume = {24},
 number = {1-2},
 month = sep,
 year = {1989},
 issn = {0163-5840},
 pages = {19--21},
 numpages = {3},
 url = {http://doi.acm.org/10.1145/378881.378888},
 doi = {10.1145/378881.378888},
 acmid = {378888},
 publisher = {ACM},
 address = {New York, NY, USA},
} 